@inproceedings{tsai2016performance,
  title={Performance-portable autotuning of opencl kernels for convolutional layers of deep neural networks},
  author={Tsai, Yaohung M and Luszczek, Piotr and Kurzak, Jakub and Dongarra, Jack},
  booktitle={2016 2nd Workshop on Machine Learning in HPC Environments (MLHPC)},
  pages={9--18},
  year={2016},
  organization={IEEE}
}

@inproceedings{vasudevan2017parallel,
  title={Parallel multi channel convolution using general matrix multiplication},
  author={Vasudevan, Aravind and Anderson, Andrew and Gregg, David},
  booktitle={2017 IEEE 28th international conference on application-specific systems, architectures and processors (ASAP)},
  pages={19--24},
  year={2017},
  organization={IEEE}
}

@article{parikh2016decomposable,
  title={A decomposable attention model for natural language inference},
  author={Parikh, Ankur P and T{\"a}ckstr{\"o}m, Oscar and Das, Dipanjan and Uszkoreit, Jakob},
  journal={arXiv preprint arXiv:1606.01933},
  year={2016}
}

@inproceedings{vaswani2017attention,
  title={Attention is all you need},
  author={Vaswani, Ashish and Shazeer, Noam and Parmar, Niki and Uszkoreit, Jakob and Jones, Llion and Gomez, Aidan N and Kaiser, {\L}ukasz and Polosukhin, Illia},
  booktitle={Advances in neural information processing systems},
  pages={5998--6008},
  year={2017}
}

@inproceedings{cremonesi2010performance,
  title={Performance of recommender algorithms on top-n recommendation tasks},
  author={Cremonesi, Paolo and Koren, Yehuda and Turrin, Roberto},
  booktitle={Proceedings of the fourth ACM conference on Recommender systems},
  pages={39--46},
  year={2010}
}

@inproceedings{dean2013fast,
  title={Fast, accurate detection of 100,000 object classes on a single machine},
  author={Dean, Thomas and Ruzon, Mark A and Segal, Mark and Shlens, Jonathon and Vijayanarasimhan, Sudheendra and Yagnik, Jay},
  booktitle={Proceedings of the IEEE Conference on Computer Vision and Pattern Recognition},
  pages={1814--1821},
  year={2013}
}

@inproceedings{guo2020accelerating,
  title={Accelerating large-scale inference with anisotropic vector quantization},
  author={Guo, Ruiqi and Sun, Philip and Lindgren, Erik and Geng, Quan and Simcha, David and Chern, Felix and Kumar, Sanjiv},
  booktitle={International Conference on Machine Learning},
  pages={3887--3896},
  year={2020},
  organization={PMLR}
}

@InProceedings{blalock2021a,
  title = 	 {Multiplying Matrices Without Multiplying},
  author =       {Blalock, Davis and Guttag, John},
  booktitle = 	 {Proceedings of the 38th International Conference on Machine Learning},
  pages = 	 {992--1004},
  year = 	 {2021},
  editor = 	 {Meila, Marina and Zhang, Tong},
  volume = 	 {139},
  series = 	 {Proceedings of Machine Learning Research},
  month = 	 {18--24 Jul},
  publisher =    {PMLR},
  pdf = 	 {http://proceedings.mlr.press/v139/blalock21a/blalock21a.pdf},
  url = 	 {https://proceedings.mlr.press/v139/blalock21a.html},
}

@article{jegou2010product,
  title={Product quantization for nearest neighbor search},
  author={Jegou, Herve and Douze, Matthijs and Schmid, Cordelia},
  journal={IEEE transactions on pattern analysis and machine intelligence},
  volume={33},
  number={1},
  pages={117--128},
  year={2010},
  publisher={IEEE}
}

@article{ge2013optimized,
  title={Optimized product quantization},
  author={Ge, Tiezheng and He, Kaiming and Ke, Qifa and Sun, Jian},
  journal={IEEE transactions on pattern analysis and machine intelligence},
  volume={36},
  number={4},
  pages={744--755},
  year={2013},
  publisher={IEEE}
}

@article{touvron2021resmlp,
  title={Resmlp: Feedforward networks for image classification with data-efficient training},
  author={Touvron, Hugo and Bojanowski, Piotr and Caron, Mathilde and Cord, Matthieu and El-Nouby, Alaaeldin and Grave, Edouard and Izacard, Gautier and Joulin, Armand and Synnaeve, Gabriel and Verbeek, Jakob and others},
  journal={arXiv preprint arXiv:2105.03404},
  year={2021}
}

@article{tolstikhin2021mlp,
  title={Mlp-mixer: An all-mlp architecture for vision},
  author={Tolstikhin, Ilya and Houlsby, Neil and Kolesnikov, Alexander and Beyer, Lucas and Zhai, Xiaohua and Unterthiner, Thomas and Yung, Jessica and Keysers, Daniel and Uszkoreit, Jakob and Lucic, Mario and others},
  journal={arXiv preprint arXiv:2105.01601},
  year={2021}
}

@inproceedings{stock2020and,
  title={And the Bit Goes Down: Revisiting the Quantization of Neural Networks},
  author={Stock, Pierre and Joulin, Armand and Gribonval, R{\'e}mi and Graham, Benjamin and J{\'e}gou, Herv{\'e}},
  booktitle={ICLR 2020-Eighth International Conference on Learning Representations},
  pages={1--11},
  year={2020}
}

@article{gray1984vector,
  title={Vector quantization},
  author={Gray, Robert},
  journal={IEEE Assp Magazine},
  volume={1},
  number={2},
  pages={4--29},
  year={1984},
  publisher={IEEE}
}

@article{mullner2013fastcluster,
  title={fastcluster: Fast hierarchical, agglomerative clustering routines for R and Python},
  author={M{\"u}llner, Daniel},
  journal={Journal of Statistical Software},
  volume={53},
  pages={1--18},
  year={2013}
}

@article{kuhn1955hungarian,
  title={The Hungarian method for the assignment problem},
  author={Kuhn, Harold W},
  journal={Naval research logistics quarterly},
  volume={2},
  number={1-2},
  pages={83--97},
  year={1955},
  publisher={Wiley Online Library}
}

@inproceedings{bucilua2006model,
  title={Model compression},
  author={Bucilua, Cristian and Caruana, Rich and Niculescu-Mizil, Alexandru},
  booktitle={Proceedings of the 12th ACM SIGKDD international conference on Knowledge discovery and data mining},
  pages={535--541},
  year={2006}
}

@article{han2015deep,
  title={Deep compression: Compressing deep neural networks with pruning, trained quantization and huffman coding},
  author={Han, Song and Mao, Huizi and Dally, William J},
  journal={arXiv preprint arXiv:1510.00149},
  year={2015}
}

@article{hinton2015distilling,
  title={Distilling the knowledge in a neural network},
  author={Hinton, Geoffrey and Vinyals, Oriol and Dean, Jeff and others},
  journal={arXiv preprint arXiv:1503.02531},
  volume={2},
  number={7},
  year={2015}
}

@inproceedings{wu2016quantized,
  title={Quantized convolutional neural networks for mobile devices},
  author={Wu, Jiaxiang and Leng, Cong and Wang, Yuhang and Hu, Qinghao and Cheng, Jian},
  booktitle={Proceedings of the IEEE conference on computer vision and pattern recognition},
  pages={4820--4828},
  year={2016}
}

@article{janowsky1989pruning,
  title={Pruning versus clipping in neural networks},
  author={Janowsky, Steven A},
  journal={Physical Review A},
  volume={39},
  number={12},
  pages={6600},
  year={1989},
  publisher={APS}
}

@article{lecun2010mnist,
  title={MNIST handwritten digit database. 2010},
  author={LeCun, Yann and Cortes, Corinna and Burges, Christopher J},
  journal={URL http://yann. lecun. com/exdb/mnist},
  volume={7},
  number={23},
  pages={6},
  year={2010}
}

@article{krizhevsky2009learning,
  title={Learning multiple layers of features from tiny images},
  author={Krizhevsky, Alex and Hinton, Geoffrey and others},
  year={2009},
  publisher={Citeseer}
}

@article{facco2017estimating,
  title={Estimating the intrinsic dimension of datasets by a minimal neighborhood information},
  author={Facco, Elena and dâ€™Errico, Maria and Rodriguez, Alex and Laio, Alessandro},
  journal={Scientific reports},
  volume={7},
  number={1},
  pages={1--8},
  year={2017},
  publisher={Nature Publishing Group}
}

@article{srivastava2014dropout,
  title={Dropout: a simple way to prevent neural networks from overfitting},
  author={Srivastava, Nitish and Hinton, Geoffrey and Krizhevsky, Alex and Sutskever, Ilya and Salakhutdinov, Ruslan},
  journal={The journal of machine learning research},
  volume={15},
  number={1},
  pages={1929--1958},
  year={2014},
  publisher={JMLR. org}
}

@article{may2019downstream,
  title={On the downstream performance of compressed word embeddings},
  author={May, Avner and Zhang, Jian and Dao, Tri and R{\'e}, Christopher},
  journal={Advances in neural information processing systems},
  volume={32},
  year={2019}
}

@inproceedings{norouzi2013cartesian,
  title={Cartesian k-means},
  author={Norouzi, Mohammad and Fleet, David J},
  booktitle={Proceedings of the IEEE Conference on computer Vision and Pattern Recognition},
  pages={3017--3024},
  year={2013}
}